\begin{thebibliography}{99}

\bibitem{Beurling1955}
A.~Beurling,
\emph{A closure problem related to the Riemann zeta function},
Proc.~Natl.~Acad.~Sci.~USA \textbf{41} (1955), 312–314.

\bibitem{BalazsVoros1986}
N.~L.~Balazs and A.~Vörös,
\emph{Chaos on the pseudosphere},
Phys.~Rep.~\textbf{143} (1986), 109–240.

\bibitem{Titchmarsh1986}
E.~C.~Titchmarsh (rev.~D.~R.~Heath-Brown),
\emph{The Theory of the Riemann Zeta-Function}, 2nd~ed.,
Oxford University Press, 1986.

\bibitem{MontgomeryVaughan1973}
H.~L.~Montgomery and R.~C.~Vaughan,
\emph{The large sieve},
Mathematika \textbf{20} (1973), 119–134.

\bibitem{Connes1999}
A.~Connes,
\emph{Trace formula in noncommutative geometry and the zeros of the Riemann zeta function},
Selecta Math.~(N.S.) \textbf{5} (1999), 29–106.

\bibitem{BerryKeating1999}
M.~V.~Berry and J.~P.~Keating,
\emph{The Riemann zeros and eigenvalue asymptotics},
SIAM Rev.~\textbf{41} (1999), 236–266.

\bibitem{Davenport}
H.~Davenport,
\emph{Multiplicative Number Theory}, 3rd~ed.,
Springer–Verlag, New~York, 2000.

\bibitem{IwaniecKowalski}
H.~Iwaniec and E.~Kowalski,
\emph{Analytic Number Theory},
American Mathematical Society Colloquium Publications \textbf{53}, Providence,~RI, 2004.

\bibitem{Odlyzko}
A.~M.~Odlyzko,
\emph{Tables of zeros of the Riemann zeta function},
\url{https://www-users.cse.umn.edu/~odlyzko/zeta_tables/}.

\bibitem{Amari2007}
S.~Amari and H.~Nagaoka,
\emph{Methods of Information Geometry},
AMS Translations of Mathematical Monographs \textbf{191}, 2007.

\end{thebibliography}